<record><leader>00000cas a22000007a 4500</leader><controlfield tag="001">16000521</controlfield><controlfield tag="008">870619d19001914inudn ne      0    0eng d</controlfield><datafield ind1=" " ind2=" " tag="010"><subfield code="a">sn 87056269 </subfield></datafield><datafield ind1=" " ind2=" " tag="040"><subfield code="a">NPI</subfield><subfield code="b">eng</subfield><subfield code="c">NPI</subfield><subfield code="d">OCLCQ</subfield><subfield code="d">NPI</subfield><subfield code="d">OCLCQ</subfield><subfield code="d">IUL</subfield><subfield code="d">OCLCF</subfield></datafield><datafield ind1="1" ind2=" " tag="029"><subfield code="a">AU@</subfield><subfield code="b">000020489267</subfield></datafield><datafield ind1=" " ind2=" " tag="042"><subfield code="a">msc</subfield></datafield><datafield ind1=" " ind2=" " tag="043"><subfield code="a">n-us-in</subfield></datafield><datafield ind1="0" ind2=" " tag="130"><subfield code="a">La Porte Argus-bulletin (LaPorte, Ind. : Daily)</subfield></datafield><datafield ind1="1" ind2="0" tag="245"><subfield code="a">La Porte Argus-bulletin.</subfield></datafield><datafield ind1=" " ind2=" " tag="260"><subfield code="a">Laporte, Ind. :</subfield><subfield code="b">Tabor-Chaney Print. Co.,</subfield><subfield code="c">-1914.</subfield></datafield><datafield ind1=" " ind2=" " tag="300"><subfield code="a">v. :</subfield><subfield code="b">ill.</subfield></datafield><datafield ind1=" " ind2=" " tag="310"><subfield code="a">Daily (except Sun.)</subfield></datafield><datafield ind1="1" ind2=" " tag="362"><subfield code="a">Began in 1900.</subfield></datafield><datafield ind1="0" ind2=" " tag="362"><subfield code="a">-v. 20, no. 85 (Nov. 13, 1914).</subfield></datafield><datafield ind1=" " ind2=" " tag="580"><subfield code="a">Also published in a weekly ed. called: LaPorte Argus-bulletin (LaPorte, Ind. : Weekly).</subfield></datafield><datafield ind1=" " ind2=" " tag="588"><subfield code="a">Description based on: Vol. 6, no. 1 (Aug. 1, 1900).</subfield></datafield><datafield ind1=" " ind2="0" tag="651"><subfield code="a">LaPorte (Ind.)</subfield><subfield code="v">Newspapers.</subfield></datafield><datafield ind1=" " ind2="0" tag="651"><subfield code="a">LaPorte County (Ind.)</subfield><subfield code="v">Newspapers.</subfield></datafield><datafield ind1=" " ind2="7" tag="651"><subfield code="a">Indiana</subfield><subfield code="z">LaPorte.</subfield><subfield code="2">fast</subfield><subfield code="0">(OCoLC)fst01719828</subfield></datafield><datafield ind1=" " ind2="7" tag="651"><subfield code="a">Indiana</subfield><subfield code="z">LaPorte County.</subfield><subfield code="2">fast</subfield><subfield code="0">(OCoLC)fst01719815</subfield></datafield><datafield ind1=" " ind2="7" tag="655"><subfield code="a">Newspapers.</subfield><subfield code="2">fast</subfield><subfield code="0">(OCoLC)fst01423814</subfield></datafield><datafield ind1=" " ind2=" " tag="752"><subfield code="a">United States</subfield><subfield code="b">Indiana</subfield><subfield code="c">LaPorte</subfield><subfield code="d">LaPorte.</subfield></datafield><datafield ind1="1" ind2=" " tag="775"><subfield code="t">LaPorte Argus-bulletin (LaPorte, Ind. : Weekly)</subfield><subfield code="w">(DLC)sn 87056268</subfield><subfield code="w">(OCoLC)16000335</subfield></datafield><datafield ind1="0" ind2="4" tag="780"><subfield code="t">LaPorte daily Argus</subfield></datafield><datafield ind1="0" ind2="4" tag="780"><subfield code="t">Evening bulletin (La Porte, Ind.)</subfield><subfield code="w">(DLC)sn 87056887</subfield><subfield code="w">(OCoLC)17007333</subfield></datafield><datafield ind1="0" ind2="0" tag="785"><subfield code="t">La Porte Argus (LaPorte, Ind. : Daily)</subfield><subfield code="w">(DLC)sn 87056270</subfield><subfield code="w">(OCoLC)16000502</subfield></datafield></record>